<?xml version="1.0" encoding="UTF-8"?><record xmlns="http://www.loc.gov/MARC21/slim" xmlns:cinclude="http://apache.org/cocoon/include/1.0" xmlns:zs="http://www.loc.gov/zing/srw/">
  <leader>00886cz  a2200205n  4500</leader>
  <controlfield tag="001">n 2006172143</controlfield>
  <controlfield tag="003">DLC</controlfield>
  <controlfield tag="005">20160822062828.0</controlfield>
  <controlfield tag="008">070425n| azannaabn          |a aaa      </controlfield>
  <datafield tag="010" ind1=" " ind2=" ">
    <subfield code="a">n 2006172143</subfield>
  </datafield>
  <datafield tag="035" ind1=" " ind2=" ">
    <subfield code="a">(OCoLC)oca07393434</subfield>
  </datafield>
  <datafield tag="040" ind1=" " ind2=" ">
    <subfield code="a">DLC</subfield>
    <subfield code="b">eng</subfield>
    <subfield code="e">rda</subfield>
    <subfield code="c">DLC</subfield>
    <subfield code="d">DLC</subfield>
    <subfield code="d">InU</subfield>
    <subfield code="d">DLC</subfield>
  </datafield>
  <datafield tag="046" ind1=" " ind2=" ">
    <subfield code="s">15</subfield>
  </datafield>
  <datafield tag="100" ind1="0" ind2=" ">
    <subfield code="a">Yongs-ʼdzin Rnam-rgyal-grags-pa,</subfield>
    <subfield code="d">active 16th century</subfield>
  </datafield>
  <datafield tag="400" ind1="0" ind2=" ">
    <subfield code="a">Rje-btsun Rnam-rgyal-grags-pa,</subfield>
    <subfield code="d">active 16th century</subfield>
  </datafield>
  <datafield tag="400" ind1="0" ind2=" ">
    <subfield code="a">Rnam-rgyal-grags-pa,</subfield>
    <subfield code="c">Yongs-ʼdzin,</subfield>
    <subfield code="d">active 16th century</subfield>
  </datafield>
  <datafield tag="400" ind1="0" ind2=" ">
    <subfield code="a">Rnam-rgyal-grags-pa,</subfield>
    <subfield code="c">Rje-btsun,</subfield>
    <subfield code="d">active 16th century</subfield>
  </datafield>
  <datafield tag="400" ind1="0" ind2=" ">
    <subfield code="w">nnea</subfield>
    <subfield code="a">Yoṅs-ʼdzin Rnam-rgyal-grags-pa,</subfield>
    <subfield code="d">16th cent.</subfield>
  </datafield>
  <datafield tag="400" ind1="0" ind2=" ">
    <subfield code="w">nne</subfield>
    <subfield code="a">Yoṅs-ʼdzin Rnam-rgyal-grags-pa,</subfield>
    <subfield code="d">active 16th century</subfield>
  </datafield>
  <datafield tag="670" ind1=" " ind2=" ">
    <subfield code="a">Yoṅs-ʼdzin Rnam-rgyal-grags-pa. Rigs lam gsal byed, 2006:</subfield>
    <subfield code="b">t.p. (Yoṅs-ʼdzin Rnam-rgyal-grags-pa) p. xxvi (tutor of Karma-pa IX Wangchug Dorje, 1556-1603)</subfield>
  </datafield>
</record>